@article{arnett66,
  author={Arnett, W. D.},
  title={Gravitational collapse and weak interactions},
  year={1966},
  journal={Can. J. Phys.},
  volume={44},
  pages={2553--2594},
  doi={10.1139/p66-210},
}
